@inproceedings{abzianidze2017parallel,
  title={{The Parallel Meaning Bank: Towards a Multilingual Corpus of Translations Annotated With Compositional Meaning Representations}},
  author={Abzianidze, Lasha and Bjerva, Johannes and Evang, Kilian and Haagsma, Hessel and Van Noord, Rik and Ludmann, Pierre and Nguyen, Duc-Duy and Bos, Johan},
  booktitle={Proceedings of the 15th Conference of the European Chapter of the Association for Computational Linguistics (EACL)},
  year={2017},
	pages={242--247},
	url="https://pmbdemo.webhosting.rug.nl/",
	address={Valencia, Spain}
}
@inproceedings{abzianidze2019thirty,
  title={Thirty musts for meaning banking},
  author={Bos, Johan and Abzianidze, Lasha},
  booktitle={Proceedings of ACL 2019 First International Workshop on Designing Meaning Representations},
  year={2019},
  pages={15--27}
}
@inproceedings{abzianidze2019first,
	title = {{The First Shared Task on Discourse Representation Structure Parsing}},
	author = "Abzianidze, Lasha  and
			van Noord, Rik  and
			Haagsma, Hessel  and
			Bos, Johan",
	booktitle = "Proceedings of the {IWCS} Shared Task on Semantic Parsing",
	month = "23 May",
	year = "2019",
	pages = {1--15},
	address = "Gothenburg, Sweden",
	publisher = "Association for Computational Linguistics",
	url = "https://www.aclweb.org/anthology/W19-1201"
}
@article{allen1983maintaining,
	author = {Allen, James F},
	journal = {Communications of the ACM},
	number = {11},
	pages = {832--843},
	publisher = {ACM},
	title = {{Maintaining Knowledge About Temporal Intervals}},
	volume = {26},
	year = {1983}
}
@article{allen1994actions,
  title={{Actions and events in interval temporal logic}},
  author={Allen, James F and Ferguson, George},
  journal={Journal of logic and computation},
  volume={4},
  number={5},
  pages={531--579},
  year={1994},
  publisher={Dov Gabbay}
}
@article{applegate1991computational,
  title={A computational study of the job-shop scheduling problem},
  author={Applegate, David and Cook, William},
  journal={ORSA Journal on computing},
  volume={3},
  number={2},
  pages={149--156},
  year={1991},
  publisher={INFORMS}
}
@misc{aristotlePhysicsIV,
	title={{The Internet Classics Archive: Physics IV}},
	author={Aristotle},
	howpublished={Web Download: \url{http://classics.mit.edu/Aristotle/physics.4.iv.html}},
	note={Accessed: 2018-08-12}
}
@inproceedings{Beaver2003,
	author = {Beaver, David and Condoravdi, Cleo},
	booktitle = {Semantics and Linguistic Theory},
	volume = {13},
	pages = {37--54},
	title = {{A Uniform Analysis of Before and After}},
	year = {2003}
}
@book{Bird2009,
	author = {Bird, Steven and Klein, Ewan and Loper, Edward},
	title = {{Natural Language Processing with Python}},
	year = {2009},
	publisher = {O'Reilly Media, Inc.},
}
@inproceedings{bittar2011french,
  title={{French TimeBank: an ISO-TimeML annotated reference corpus}},
  author={Bittar, Andr{\'e} and Amsili, Pascal and Denis, Pascal and Danlos, Laurence},
  booktitle={Proceedings of the 49th Annual Meeting of the Association for Computational Linguistics: Human Language Technologies},
  pages={130--134},
  year={2011}
}
@inproceedings{Bos2008,
	author = {Bos, Johan},
	booktitle = {Proceedings of the 2008 Conference on Semantics in Text Processing - STEP '08},
	pages = {277--286},
	title = {{Wide-Coverage Semantic Analysis with Boxer}},
	year = {2008}
}
@article{bottini2015space,
  title={{Space and time in the sighted and blind}},
  author={Bottini, Roberto and Crepaldi, Davide and Casasanto, Daniel and Crollen, Virgine and Collignon, Olivier},
  journal={Cognition},
  volume={141},
  pages={67--72},
  year={2015},
  publisher={Elsevier}
}
@article{buchner1993finite,
  title={{Finite-state automata: Dynamic task environments in problem-solving research}},
  author={Buchner, Axel and Funke, Joachim},
  journal={The Quarterly Journal of Experimental Psychology},
  volume={46},
  number={1},
  pages={83--118},
  year={1993},
  publisher={Taylor \& Francis}
}
@book{bunt1985mass,
  title={Mass terms and model-theoretic semantics},
  author={Bunt, Harry C},
  year={1985},
  publisher={Cambridge University Press},
  address={Cambridge}
}
@inproceedings{bunt2010annotating,
  title={Annotating temporal and event quantification},
  author={Bunt, Harry and Pustejovsky, James},
  booktitle={Proceedings of the 5th Joint ISO-ACL Workshop on Interoperable Semantic Annotation (ISA-5)},
  year={2010},
  address={Hong Kong}
}
@inproceedings{Bunt2015,
	author = {Bunt, Harry},
	booktitle = {Proceedings of the 11th Joint ISO-ACL Workshop on Interoperable Semantic Annotation (ISA-11)},
	pages = {1--13},
	title = {{On the Principles of Interoperable Semantic Annotation}},
	year = {2015}
}
@article{Bunt2020,
author = {Bunt, Harry},
journal = {Proceedings of the 16th Joint ISO-ACL Workshop on Interoperable Semantic Annotation (ISA-16)},
keywords = {iso standards,quantification,quantml,semantic annotation},
number = {May},
pages = {1--12},
title = {{Annotation of Quantification: The Current State of {\{}ISO{\}} 24617-12}},
url = {https://www.aclweb.org/anthology/2020.isa-1.1},
year = {2020}
}

@inproceedings{day1997mixed,
  title={{Mixed-Initiative Development of Language Processing Systems}},
  author={Day, David and Aberdeen, John and Hirschman, Lynette and Kozierok, Robyn and Robinson, Patricia and Vilain, Marc},
  booktitle={Fifth Conference on Applied Natural Language Processing},
  pages={348--355},
  year={1997}
}
@inproceedings{Derczynski2013,
	author = {Derczynski, Leon and Gaizauskas, Robert},
	booktitle = {Proceedings of the 10th International Conference on Computational Semantics (IWCS 2013)},
	pages = {71--82},
	title = {{Empirical Validation of Reichenbach's Tense Framework}},
	year = {2013}
}
@inproceedings{derczynski2015temporal,
  title={{Temporal relation classification using a model of tense and aspect}},
  author={Derczynski, Leon and Gaizauskas, Robert},
  booktitle={Proceedings of the International Conference Recent Advances in Natural Language Processing},
  pages={118--122},
  year={2015}
}
@inproceedings{derczynski2016representation,
	title={{Representation and Learning of Temporal Relations}},
	author={Derczynski, Leon},
	booktitle={{Proceedings of COLING 2016, the 26th International Conference on Computational Linguistics: Technical Papers}},
	pages={1937--1948},
	year={2016}
}
@inproceedings{durand2008reasoning,
  title={Reasoning about qualitative temporal information with S-words and S-languages},
  author={Durand, Ir{\`e}ne and Schwer, Sylviane},
  booktitle={European Lisp Symposium},
  pages={1--15},
  year={2008}
}
@article{durand2008tool,
  title={{A Tool for Reasoning about Qualitative Temporal Information: the Theory of S-languages with a Lisp Implementation}},
  author={Durand, Ir{\`e}ne and Schwer, Sylviane R.},
  journal={Journal of Universal Computer Science},
  volume={14},
  number={20},
  pages={3282--3306},
  year={2008}
}
@article{elgot1966decidability,
  title={{Decidability and undecidability of extensions of second (first) order theory of (generalized) successor}},
  author={Elgot, Calvin C and Rabin, Michael O},
  journal={The Journal of Symbolic Logic},
  volume={31},
  number={2},
  pages={169--181},
  year={1966},
  publisher={JSTOR}
}
@inproceedings{Fernando2002,
	address = {Manchester},
	author = {Fernando, Tim},
	booktitle = {Proceedings of the International Workshop on Temporal Representation and Reasoning},
	pages = {124--131},
	publisher = {IEEE Computer Society Press},
	title = {{A Finite-State Approach to Event Semantics}},
	year = {2002}
}
@article{Fernando2004,
	author = {Fernando, Tim},
	journal = {Journal of Logic and Computation},
	number = {1},
	pages = {79--92},
	title = {{A Finite-State Approach to Events in Natural Language semantics}},
	volume = {14},
	year = {2004}
}
@inproceedings{fernando2005entailments,
	title={{Entailments in finite-state temporality}},
	author={Fernando, Tim and Nairn, Rowan},
	booktitle = {Proceedings of the Sixth International Workshop on Computational Semantics},
	year = {2005},
	pages = {128--138},
	address = {Tilburg University}
}
@incollection{fernando2015semantics,
	author = {Fernando, Tim},
	booktitle = {The Handbook of Contemporary Semantic Theory},
	editor = {Lappin, S and Fox, C},
	number = {August},
	pages = {203--236},
	publisher = {John Wiley {\&} Sons},
	title = {{The Semantics of Tense and Aspect: A Finite-State Perspective}},
	url = {http://eu.wiley.com/WileyCDA/WileyTitle/productCd-0470670738.html},
	year = {2015}
}
@article{fernando2016prior,
	author = {Fernando, Tim},
	journal = {Synthese},
	number = {11},
	pages = {3625--3637},
	publisher = {Springer Netherlands},
	title = {{Prior and Temporal Sequences for Natural Language}},
	volume = {193},
	year = {2016}
}
@article{fernando2016regular,
	author = {Fernando, Tim},
	journal = {Journal of Language Modelling},
	number = {1},
	pages = {29--56},
	title = {{On Regular Languages Over Power Sets}},
	volume = {4},
	year = {2016}
}
@inproceedings{Fernando2018,
	address = {Stockholm},
	author = {Fernando, Tim},
	pages = {34--46},
	booktitle = {Workshop on Logic and Algorithms in Computational Linguistics 2018 (LACompLing2018)},
	_editor = {Loukanova, Roussanka and Liefke, Kristina},
	title = {{Intervals and Events with and without Points}},
	year = {2018}
}
@inproceedings{fernando2018prior,
	author={Fernando, Tim and Vogel, Carl},
	title={{Prior Probabilities of Allen Interval Relations over Finite Orders}},
	booktitle={Proceedings of the 11th International Conference on Agents and Artificial Intelligence},
	volume= {2: NLPinAI},
	year={2019},
	pages={952--961}
}
@inproceedings{fernando2019mso,
	title={{MSO with tests and reducts}},
	author={Fernando, Tim and Woods, David and Vogel, Carl},
	booktitle={Proceedings of the 14th International Conference on Finite-State Methods and Natural Language Processing},
	pages={27--36},
	year={2019}
}
@article{Freksa1992,
	author = {Freksa, Christian},
	pages = {199--227},
	title = {{Temporal Reasoning Based on Semi-Intervals}},
	journal={{Artificial Intelligence}},
	volume = {54},
	year = {1992}
}
@article{gantt1910work,
  title={{Work, Wages and Profit}},
  year={1910},
  author={Gantt, Henry L},
  journal={The Engineering Magazine},
  address={New York},
  note={Republished in 1974 as Work, Wages and Profits. Hive Publishing Company, Easton, Pennsylvania}
}
@inproceedings{goel2020hindi,
  title={{Hindi TimeBank: An ISO-TimeML Annotated Reference Corpus}},
  author={Goel, Pranav and Prabhu, Suhan and Debnath, Alok and Modi, Priyank and Shrivastava, Manish},
  booktitle={Proceedings of the 16th Joint ACL-ISO Workshop on Interoperable Semantic Annotation},
  pages={13--21},
  year={2020}
}
@article{gong2018memetic,
  title={A memetic algorithm for multi-objective flexible job-shop problem with worker flexibility},
  author={Gong, Xuran and Deng, Qianwang and Gong, Guiliang and Liu, Wei and Ren, Qinghua},
  journal={International Journal of Production Research},
  volume={56},
  number={7},
  pages={2506--2522},
  year={2018},
  publisher={Taylor \& Francis}
}
@incollection{hamblin1972instants,
  title={{Instants and intervals}},
  author={Hamblin, Charles L},
  booktitle={The Study of Time},
  pages={324--331},
  year={1972},
  publisher={Springer}
}
@techreport{ISO24617-1,
type = {Standard},
key = {ISO 24617-1:2012},
month = jan,
year = {2012},
title = {{Language resource management — Semantic annotation framework (SemAF) — Part 1: Time and events (SemAF-Time, ISO-TimeML)}},
volume = {2012},
address = {Geneva, CH},
institution = {International Organization for Standardization},
note={\url{https://www.iso.org/standard/37331.html} This standard was last reviewed and confirmed in 2017. Therefore this version remains current.}
}
@book{Kamp1993,
 author = {Kamp, Hans and Reyle, Uwe},
 year = {1993},
 title = {{From Discourse to Logic; An Introduction to Model-theoretic Semantics of Natural Language, Formal Logic and DRT}},
 publisher = {Dordrecht: Kluwer}
}
@misc{khourshid_2015,
 title={{XState}},
 howpublished={Web Download: \url{https://xstate.js.org/docs/about/concepts.html#finite-state-machines}},
 author={Khourshid, David},
 year={2015},
 note={Accessed: 2021-03-10}
} 
@inproceedings{kober2019TEA,
    title = "Temporal and Aspectual Entailment",
    author = "Kober, Thomas  and
      de Vroe, Sander Bijl  and
      Steedman, Mark",
    booktitle = "Proceedings of the 13th International Conference on Computational Semantics - Long Papers",
    month = "May",
    year = "2019",
    address = "Gothenburg, Sweden",
    publisher = "Association for Computational Linguistics",
    url = "https://www.aclweb.org/anthology/W19-0409",
    pages = "103--119"
}
@article{Kowalski1986,
 author = {Kowalski, Robert and Sergot, Marek},
 title = {{A Logic-based Calculus of Events}},
 journal = {New Generation Computing},
 year = {1986},
 volume = {4},
 number = {1},
 pages = {67--95},
 publisher = {Ohmsha},
 address = {Tokyo, Japan}
}
@article{kumar2005effective,
  title={{Effective use of Gantt chart for managing large scale projects}},
  author={Kumar, Pankaja Pradeep},
  journal={Cost engineering},
  volume={47},
  number={7},
  pages={14},
  year={2005},
  publisher={American Association of Cost Engineers}
}
@book{lakoff2008metaphors,
  title={{Metaphors we live by}},
  author={Lakoff, George and Johnson, Mark},
  year={2008},
  publisher={University of Chicago press}
}
@incollection{Libkin2004,
	address = {Berlin, Heidelberg},
	author = {Libkin, Leonid},
	booktitle = {Elements of Finite Model Theory},
	pages = {113--140},
	publisher = {Springer-Verlag},
	title = {{Monadic Second-Order Logic and Automata}},
	year = {2004}
}
@incollection{Libkin2012,
	address = {Berlin, Heidelberg},
	author = {Libkin, Leonid},
	booktitle = {Elements of Finite Model Theory},
	pages = {113--140},
	publisher = {Springer-Verlag},
	title = {{Monadic Second-Order Logic and Automata}},
	year = {2004}
}
@inproceedings{liu2019discourse,
	title = "Discourse Representation Structure Parsing with Recurrent Neural Networks and the Transformer Model",
	author = "Liu, Jiangming  and
	Cohen, Shay B.  and
	Lapata, Mirella",
	booktitle = "Proceedings of the {IWCS} Shared Task on Semantic Parsing",
	month = "23 May",
	year = "2019",
	pages = {24--29},
	address = "Gothenburg, Sweden",
	publisher = "Association for Computational Linguistics",
	url = "https://www.aclweb.org/anthology/W19-1203"
}
@inproceedings{mani2006machine,
  title={Machine learning of temporal relations},
  author={Mani, Inderjeet and Verhagen, Marc and Wellner, Ben and Lee, Chungmin and Pustejovsky, James},
  booktitle={Proceedings of the 21st International Conference on Computational Linguistics and 44th Annual Meeting of the Association for Computational Linguistics},
  pages={753--760},
  year={2006}
}
@article{manne1960job,
  title={{On the job-shop scheduling problem}},
  author={Manne, Alan S},
  journal={Operations Research},
  volume={8},
  number={2},
  pages={219--223},
  year={1960},
  publisher={INFORMS}
}
@article{maylor2001beyond,
  title={{Beyond the Gantt chart:: Project management moving on}},
  author={Maylor, Harvey},
  journal={European management journal},
  volume={19},
  number={1},
  pages={92--100},
  year={2001},
  publisher={Elsevier}
}
@techreport{mccarthy1963situations,
  title={{Situations, actions, and causal laws}},
  author={McCarthy, John},
  year={1963},
  institution={STANFORD UNIV CA DEPT OF COMPUTER SCIENCE}
}
@inproceedings{Mccarthy69somephilosophical,
    author = {McCarthy, John and Hayes, Patrick J.},
    title = {{Some Philosophical Problems from the Standpoint of Artificial Intelligence}},
    booktitle = {Machine Intelligence},
    year = {1969},
    pages = {463--502},
    publisher = {Edinburgh University Press}
}
@article{mccarthy1980circumscription,
  title={{Circumscription---a form of non-monotonic reasoning}},
  author={McCarthy, John},
  journal={Artificial intelligence},
  volume={13},
  number={1-2},
  pages={27--39},
  year={1980},
  publisher={Elsevier}
}
@article{Miller1999,
	author = {Miller, Rob and Shanahan, Murray},
	journal = {Electronic Transactions on Artificial Intelligence},
	pages = {77--105},
	title = {{The Event Calculus in Classical Logic–Alternative Axiomatizations}},
	volume = {3},
	year = {1999}
}
@article{mitchell1980spatial,
  title={{Spatial form in literature: Toward a general theory}},
  author={Mitchell, William JT},
  journal={Critical Inquiry},
  volume={6},
  number={3},
  pages={539--567},
  year={1980},
  publisher={University of Chicago Press}
}
@incollection{Mueller2008,
	author = {Mueller, Erik T.},
	booktitle = {Foundations of Artificial Intelligence},
	pages = {671--708},
	title = {{Event Calculus}},
	volume = {3},
	year = {2008}
}
@misc{oeisA055203,
  author       = {Schwer, Sylviane R.},
  title        = {Number of different relations between n intervals on a line.},
  howpublished = {Sequence A055203 in \textit{The On-Line Encyclopedia of Integer Sequences}},
  year         = {2000},
  note={\url{https://oeis.org/A055203}}
}
@incollection{pinedo1992scheduling,
  title={Scheduling: theory, algorithms and systems development},
  author={Pinedo, Michael and Hadavi, Khosrow},
  booktitle={Operations Research Proceedings 1991},
  pages={35--42},
  year={1992},
  publisher={Springer}
}
@inproceedings{pustejovsky2003tango,
	title={{Tango Final Report}},
	author={Pustejovsky, James and Mani, Inderjeet and Belanger, Luc and van Guilder, Linda and Knippen, Robert and See, Andrew and Schwarz, Jon and Verhagen, Marc},
	booktitle={ARDA Summer Workshop on Graphical Annotation Toolkit for TimeML, MITRE Bedford and Brandeis University},
	year={2003}
}
@inproceedings{pustejovsky2003timebank,
  title={{The TIMEBANK Corpus}},
  author={Pustejovsky, James and Hanks, Patrick and Saur{\'{i}}, Roser and See, Andrew and Gaizauskas, Robert and Setzer, Andrea and Radev, Dragomir and Sundheim, Beth and Day, David and Ferro, Lisa},
  booktitle={Corpus Linguistics},
  volume={2003},
  pages={647--656},
  year={2003},
  organization={Lancaster, UK}
}
@article{pustejovsky2003timeml,
  title={{TimeML: Robust specification of event and temporal expressions in text}},
  author={Pustejovsky, James and Castano, Jos{\'e} M and Ingria, Robert and Sauri, Roser and Gaizauskas, Robert J and Setzer, Andrea and Katz, Graham and Radev, Dragomir},
  journal={New directions in question answering},
  volume={3},
  pages={28--34},
  year={2003},
  publisher={Stanford, USA}
}
@article{Pustejovsky2005,
	author = {Pustejovsky, James and Knippen, Robert and Littman, Jessica and Saur{\'{i}}, Roser},
	journal = {Language Resources and Evaluation},
	title = {{Temporal and Event Information in Natural Language Text}},
	volume = {39},
	number = {2},
	pages = {123--164},
	year = {2005}
}
@article{Pustejovsky2005timeml,
author = {Pustejovsky, James and Ingria, Robert and Saur{\'{i}}, Roser and Casta{\~{n}}o, Jos{\'{e}} and Littman, Jessica and Gaizauskas, Robert and Setzer, Andrea and Katz, Graham and Mani, Inderjeet},
journal = {The Language of Time: A Reader},
pages = {545----557},
title = {{The specification language TimeML}},
year = {2005}
}

@misc{pustejovsky2006timebank,
  title={{TimeBank 1.2 LDC2006T08}},
  howpublished={Web Download: \url{https://catalog.ldc.upenn.edu/LDC2006T08}},
  author={Pustejovsky, James and Verhagen, Marc and Saur{\'{i}}, Roser and Littman, Jessica and Gaizauskas, Robert and Katz, Graham and Mani, Inderjeet and Knippen, Robert and Setzer, Andrea},
  year={2006},
  note={{Philadelphia: Linguistic Data Consortium}}
}
@inproceedings{pustejovsky2010iso,
  title={{ISO-TimeML: An International Standard for Semantic Annotation}},
  author={Pustejovsky, James and Lee, Kiyong and Bunt, Harry and Romary, Laurent},
  booktitle={Proceedings of the Seventh International Conference on Language Resources and Evaluation (LREC'10)},
  pages={394--397},
  year={2010}
}
@incollection{reichenbach1947elements,
	address = {New York},
	author = {Reichenbach, Hans},
	booktitle = {Elements of Symbolic Logic},
	chapter = {51},
	pages = {287--298},
	publisher = {The Macmillan Company},
	title = {{The Tenses of Verbs}},
	year = {1947}
}
@inproceedings{reimers2016temporal,
  title={{Temporal anchoring of events for the timebank corpus}},
  author={Reimers, Nils and Dehghani, Nazanin and Gurevych, Iryna},
  booktitle={Proceedings of the 54th Annual Meeting of the Association for Computational Linguistics (Volume 1: Long Papers)},
  pages={2195--2204},
  year={2016}
}
@book{rosenberg2013cartographies,
  title={{Cartographies of time: A history of the timeline}},
  author={Rosenberg, Daniel and Grafton, Anthony},
  year={2013},
  publisher={Princeton Architectural Press}
}
@techreport{sauri2006timeml,
 	author={Saur{\'{i}}, Roser and Littman, Jessica and Knippen, Bob and Gaizauskas, Robert and Setzer, Andrea and Pustejovsky, James},
	year = {2006},
	month = {01},
	institution = {Brandeis University Linguistics Department},
	title = {{TimeML Annotation Guidelines Version 1.2.1}}
}
@article{schwer2002s,
  title={S-arrangements avec r{\'e}p{\'e}titions},
  author={Schwer, Sylviane R},
  journal={Comptes Rendus Mathematique},
  volume={334},
  number={4},
  pages={261--266},
  year={2002},
  publisher={Elsevier},
  note={In French, abbreviated version in English}
}
@book{shanahan1997solving,
  title={{Solving the Frame Problem: A Mathematical Investigation of the Common Sense Law of Inertia}},
  author={Shanahan, Murray},
  year={1997},
  publisher={MIT press}
}
@book{stangroom2009einstein,
  title={{Einstein's Riddle: Riddles, Paradoxes, and Conundrums to Stretch Your Mind}},
  author={Stangroom, J.},
  isbn={9781596916654},
  lccn={2008940802},
  url={https://books.google.ie/books?id=uKXgPAAACAAJ},
  year={2009},
  publisher={Bloomsbury USA}
}
@misc{timeml2005timeml,
  title={{TimeML 1.2.1. A Formal Specification Language for Events and Temporal Expressions}},
  author={{TimeML Working Group}},
  year={2005},
  howpublished={Web Download: \url{http://www.timeml.org/publications/timeMLdocs/timeml_1.2.1.html}},
  note={Accessed: 2018-08-10}
}
@article{thielscher1999situation,
  title={{From situation calculus to fluent calculus: State update axioms as a solution to the inferential frame problem}},
  author={Thielscher, Michael},
  journal={Artificial intelligence},
  volume={111},
  number={1-2},
  pages={277--299},
  year={1999},
  publisher={Elsevier}
}
@article{trakhtenbrot1953recursive,
  title={{On recursive separability}},
  author={Trakhtenbrot, Boris A},
  journal={Doklady Akademii Nauk SSSR},
  volume={88},
  number={6},
  pages={953--956},
  year={1953},
  note={In Russian}
}
@inproceedings{uzzaman2013semeval,
  title={{Semeval-2013 Task 1: TempEval-3: Evaluating Time Expressions, Events, and Temporal Relations}},
  author={UzZaman, Naushad and Llorens, Hector and Derczynski, Leon and Allen, James and Verhagen, Marc and Pustejovsky, James},
  booktitle={Second Joint Conference on Lexical and Computational Semantics (* SEM), Volume 2: Proceedings of the Seventh International Workshop on Semantic Evaluation (SemEval 2013)},
  pages={1--9},
  year={2013}
}
@article{van1996design,
  title={{The design and experimental analysis of algorithms for temporal reasoning}},
  author={Van Beek, Peter and Manchak, Dennis W},
  journal={Journal of Artificial Intelligence Research},
  volume={4},
  pages={1--18},
  year={1996}
}
@book{van2008proper,
  title={{The Proper Treatment of Events}},
  author={Van Lambalgen, Michiel and Hamm, Fritz},
  volume={6},
  year={2008},
  publisher={John Wiley \& Sons}
}
@inproceedings{veanes2012symbolic,
  title={{Symbolic finite state transducers: Algorithms and applications}},
  author={Veanes, Margus and Hooimeijer, Pieter and Livshits, Benjamin and Molnar, David and Bjorner, Nikolaj},
  booktitle={Proceedings of the 39th annual ACM SIGPLAN-SIGACT symposium on Principles of programming languages},
  pages={137--150},
  year={2012}
}
@article{Verhagen2005,
	author = {Verhagen, Marc},
	journal = {Language Resources and Evaluation},
	number = {2-3},
	pages = {211--241},
	title = {{Temporal closure in an annotation environment}},
	volume = {39},
	year = {2005}
}
@inproceedings{verhagen2005TBOX,
	author =	{Verhagen, Marc},
	title =	{{Drawing TimeML Relations with T-BOX}},
	booktitle =	{Annotating, Extracting and Reasoning about Time and Events},
	year =	{2005},
	editor =	{Graham Katz and James Pustejovsky and Frank Schilder},
	number =	{05151},
	series =	{Dagstuhl Seminar Proceedings},
	ISSN =	{1862-4405},
	publisher =	{Internationales Begegnungs und Forschungszentrum f{\"u}r Informatik (IBFI), Schloss Dagstuhl, Germany},
	address =	{Dagstuhl, Germany}
}
@inproceedings{verhagen2006,
  title={{Annotation of Temporal Relations with Tango}},
  author={Verhagen, Marc and Knippen, Robert and Mani, Inderjeet and Pustejovsky, James},
  booktitle={Proceedings of the 5th Languange Resources and Evaluation Confernece (LREC 2006)},
  pages={2249--2252},
  year={2006}
}
@inproceedings{wintner2007finite,
  title={{Finite-state technology as a programming environment}},
  author={Wintner, Shuly},
  booktitle={International Conference on Intelligent Text Processing and Computational Linguistics},
  pages={97--106},
  year={2007},
  organization={Springer}
}
@inproceedings{woods2017towards,
  title = {{Towards Efficient String Processing of Annotated Events}},
  author = {Woods, David and Fernando, Tim and Vogel, Carl},
  booktitle = {Proceedings of the 13th Joint ISO-ACL Workshop on Interoperable Semantic Annotation (ISA-13)},
  pages = {124--133},
  year = {2017}
}
@inproceedings{woods2018improving,
	title = {{Improving String Processing for Temporal Relations}},
	author = {Woods, David and Fernando, Tim},
	booktitle = {Proceedings of the 14th Joint ISO-ACL Workshop on Interoperable Semantic Annotation (ISA-14)},
	year = {2018},
	pages = {76--86}
}
@article{Yan2011,
	author = {Yan, Rui and Wan, Xiaojun and Otterbacher, Jahna and Kong, Liang and Li, Xiaoming and Zhang, Yan},
	journal = {Science And Technology},
	pages = {745--754},
	title = {{Evolutionary Timeline Summarization : a Balanced Optimization Framework via Iterative Substitution}},
	year = {2011}
}
@incollection{yu1997regular,
	title={{Regular Languages}}, 
	booktitle={Handbook of Formal Languages, Volume. 1: Word, Language, Grammar},
	author={Yu, Sheng},
	editor={Rozenberg, Grzegorz and Salomaa, Arto},
	year={1997},
	pages={41--110},
	publisher={Springer-Verlag New York, Inc., New York, NY}
}